@article{Tomlinson:1988:ROC:67387.67410,
	author = {Tomlinson, C. and Kim, W. and Scheevel, M. and Singh, V. and Will, B. and Agha, G.},
	title = {Rosette: An Object-oriented Concurrent Systems Architecture},
	journal = {SIGPLAN Not.},
	issue_date = {April 1989},
	volume = {24},
	number = {4},
	month = sep,
	year = {1988},
	issn = {0362-1340},
	pages = {91--93},
	numpages = {3},
	url = {http://doi.acm.org/10.1145/67387.67410},
	doi = {10.1145/67387.67410},
	acmid = {67410},
	publisher = {ACM},
	address = {New York, NY, USA},
} 

@inproceedings{honda1993types,
	title={Types for dyadic interaction},
	author={Honda, Kohei},
	booktitle={International Conference on Concurrency Theory},
	pages={509--523},
	year={1993},
	organization={Springer}
}
@inproceedings{takeuchi1994interaction,
	title={An interaction-based language and its typing system},
	author={Takeuchi, Kaku and Honda, Kohei and Kubo, Makoto},
	booktitle={International Conference on Parallel Architectures and Languages Europe},
	pages={398--413},
	year={1994},
	organization={Springer}
}
@inproceedings{honda1998language,
	title={Language primitives and type discipline for structured communication-based programming},
	author={Honda, Kohei and Vasconcelos, Vasco T and Kubo, Makoto},
	booktitle={European Symposium on Programming},
	pages={122--138},
	year={1998},
	organization={Springer}
}
@article{honda2008multiparty,
	title={Multiparty asynchronous session types},
	author={Honda, Kohei and Yoshida, Nobuko and Carbone, Marco},
	journal={ACM SIGPLAN Notices},
	volume={43},
	number={1},
	pages={273--284},
	year={2008},
	publisher={ACM}
}
@book{milner1999communicating,
	title={Communicating and mobile systems: the pi calculus},
	author={Milner, Robin},
	year={1999},
	publisher={Cambridge university press}
}
@inproceedings{honda2011scribbling,
	title={Scribbling interactions with a formal foundation},
	author={Honda, Kohei and Mukhamedov, Aybek and Brown, Gary and Chen, Tzu-Chun and Yoshida, Nobuko},
	booktitle={International Conference on Distributed Computing and Internet Technology},
	pages={55--75},
	year={2011},
	organization={Springer}
}
@inproceedings{hu2016hybrid,
	title={Hybrid session verification through endpoint API generation},
	author={Hu, Raymond and Yoshida, Nobuko},
	booktitle={International Conference on Fundamental Approaches to Software Engineering},
	pages={401--418},
	year={2016},
	organization={Springer}
}
@inproceedings{Hu:2010:TES:1883978.1884001,
	author = {Hu, Raymond and Kouzapas, Dimitrios and Pernet, Olivier and Yoshida, Nobuko and Honda, Kohei},
	title = {Type-safe Eventful Sessions in Java},
	booktitle = {Proceedings of the 24th European Conference on Object-oriented Programming},
	series = {ECOOP'10},
	year = {2010},
	isbn = {3-642-14106-4, 978-3-642-14106-5},
	location = {Maribor, Slovenia},
	pages = {329--353},
	numpages = {25},
	url = {http://dl.acm.org/citation.cfm?id=1883978.1884001},
	acmid = {1884001},
	publisher = {Springer-Verlag},
	address = {Berlin, Heidelberg},
} 
@inproceedings{lindley2016embedding,
	title={Embedding session types in Haskell},
	author={Lindley, Sam and Morris, J Garrett},
	booktitle={Proceedings of the 9th International Symposium on Haskell},
	pages={133--145},
	year={2016},
	organization={ACM}
}

@inproceedings{hu2008session,
	title={Session-based distributed programming in Java},
	author={Hu, Raymond and Yoshida, Nobuko and Honda, Kohei},
	booktitle={European Conference on Object-Oriented Programming},
	pages={516--541},
	year={2008},
	organization={Springer}
}

@inproceedings{jespersen2015session,
	title={Session types for Rust},
	author={Jespersen, Thomas Bracht Laumann and Munksgaard, Philip and Larsen, Ken Friis},
	booktitle={Proceedings of the 11th ACM SIGPLAN Workshop on Generic Programming},
	pages={13--22},
	year={2015},
	organization={ACM}
}

% Dynamic session type implementations

@inproceedings{neykova2013spy,
	title={SPY: local verification of global protocols},
	author={Neykova, Rumyana and Yoshida, Nobuko and Hu, Raymond},
	booktitle={International Conference on Runtime Verification},
	pages={358--363},
	year={2013},
	organization={Springer}
}

@inproceedings{bettini2008global,
	title={Global progress in dynamically interleaved multiparty sessions},
	author={Bettini, Lorenzo and Coppo, Mario and Dâ€™Antoni, Loris and De Luca, Marco and Dezani-Ciancaglini, Mariangiola and Yoshida, Nobuko},
	booktitle={International Conference on Concurrency Theory},
	pages={418--433},
	year={2008},
	organization={Springer}
}

% Website references 

@online{ErlangConcDocs,
	author = {Erlang Documentation},
	title = {Concurrent Programming in Erlang},
	year = 2018,
	url = {http://erlang.org/doc/getting_started/conc_prog.html},
	urldate = {2018-06-13}
}	

@online{akkawebsite,
	author = {Akka Development Team},
	title = {Akka},
	year = 2018,
	url = {http://akka.io},
	urldate = {2018-06-13}
}	

@article{neuman1994kerberos,
	title={Kerberos: An authentication service for computer networks},
	author={Neuman, B Clifford and Ts'o, Theodore},
	journal={IEEE Communications magazine},
	volume={32},
	number={9},
	pages={33--38},
	year={1994},
	publisher={IEEE}
}

@misc{elgamal1997secure,
	title={Secure socket layer application program apparatus and method},
	author={Elgamal, Taher and Hickman, Kipp EB},
	year={1997},
	month=aug # "~12",
	publisher={Google Patents},
	note={US Patent 5,657,390}
}

@article{bland2014finding,
	title={Finding more than one worm in the apple},
	author={Bland, Mike},
	journal={Queue},
	volume={12},
	number={5},
	pages={10},
	year={2014},
	publisher={ACM}
}